
@BOOK{bib:comp_vision,
  title = {{计算机视觉}},
  address = {北京},
  publisher = {机械工业出版社},
  year = {2005},
  author = {Linda Shapiro and George Stockman},
traslator={赵清杰 and 钱芳 and 蔡利栋}
  pages={70-74}
}

@BOOK{bib:img_rec,
title={{Visual C++数字图像识别技术典型案例}},
addres={北京}
publisher={机械工业出版社}
year={2004}
author={苏彦华}
pages={30-32}
}
